<?xml version="1.0" encoding="UTF-8"?><record xmlns="http://www.loc.gov/MARC21/slim" xmlns:cinclude="http://apache.org/cocoon/include/1.0" xmlns:zs="http://www.loc.gov/zing/srw/">
  <leader>01106cz  a2200193n  4500</leader>
  <controlfield tag="001">nr 94020004 </controlfield>
  <controlfield tag="003">DLC</controlfield>
  <controlfield tag="005">20080918103728.0</controlfield>
  <controlfield tag="008">940616nc acannaabn          |b ana     c</controlfield>
  <datafield tag="010" ind1=" " ind2=" ">
    <subfield code="a">nr 94020004 </subfield>
  </datafield>
  <datafield tag="035" ind1=" " ind2=" ">
    <subfield code="a">(OCoLC)oca03627205</subfield>
  </datafield>
  <datafield tag="040" ind1=" " ind2=" ">
    <subfield code="a">NjP</subfield>
    <subfield code="b">eng</subfield>
    <subfield code="c">NjP</subfield>
    <subfield code="d">OCoLC</subfield>
  </datafield>
  <datafield tag="110" ind1="2" ind2=" ">
    <subfield code="a">Quan guo gao deng Zhong yi yuan xiao gu shang yan jiu hui (China)</subfield>
  </datafield>
  <datafield tag="410" ind1="2" ind2=" ">
    <subfield code="w">nne</subfield>
    <subfield code="a">Chʻüan kuo kao teng Chung i yüan hsiao ku shang yen chiu hui (China)</subfield>
  </datafield>
  <datafield tag="410" ind1="2" ind2=" ">
    <subfield code="a">National Research Society of Orthopedics and Traumatology of Traditional Chinese Medicinal Colleges (China)</subfield>
  </datafield>
  <datafield tag="410" ind1="2" ind2=" ">
    <subfield code="a">全国高等中医院校骨伤研究会 (China)</subfield>
  </datafield>
  <datafield tag="667" ind1=" " ind2=" ">
    <subfield code="a">Machine-derived non-Latin script reference project.</subfield>
  </datafield>
  <datafield tag="667" ind1=" " ind2=" ">
    <subfield code="a">Non-Latin script reference not evaluated.</subfield>
  </datafield>
  <datafield tag="670" ind1=" " ind2=" ">
    <subfield code="a">Chung i cheng ku, Dec. 1989:</subfield>
    <subfield code="b">t.p. (Chʻüan kuo kao teng Chung i yüan hsiao ku shang yen chiu hui; National Research Sociaty [sic] of Orthopedics and Traumatology of Traditional Chinese Medicinal Colleges [in rom.]); Feb. 1991: t.p. (National Research Society of Orthopedics and Traumatology of Traditional Chinese Medicinal Colleges [in rom.])</subfield>
  </datafield>
</record>